@phdthesis{Hospenthal2016,
abstract = {In Schweizer Schlachth{\"{o}}fen werden routinem{\"{a}}ssig die Fleischigkeit und die Fettgewebeklasse erhoben. In den letzten Jahren hat die durchschnittliche Fettgewebeklasse von Tieren der Markenprogramme Natura-Veal, Natura-Beef und SwissPrimBeef abgenommen. Natura- Veal sind Bankk{\"{a}}lber, die mit einem Alter von ungef{\"{a}}hr sechs Monaten direkt von der Mutter abgesetzt geschlachtet werden. Natura-Beef bezeichnet Fleisch von Jungtieren aus Mutterkuhhaltung, die als schlachtreife Absetzer mit ungef{\"{a}}hr zehn Monaten geschlachtet werden. SwissPrimBeef bezeichnet ebenfalls Fleisch aus Mutterkuhhaltung. Bis zum Absetzen wachsen die K{\"{a}}lber im Herdenverband bei der Mutter auf. Danach werden die Tiere bis zu einem Alter von ungef{\"{a}}hr 20 Monaten ausgem{\"{a}}stet. Die Entwicklung der abnehmenden Fettgewebeklasse ist nicht erwünscht. Zurzeit existiert in der Schweiz keine Zuchtwertsch{\"{a}}tzung für Fettgewebeklassen. Aus diesem Grund wurden in dieser Masterarbeit die Schlachtdaten der drei Markenprogramme von 2005 bis Mitte 2015 analysiert. In einem Modell A wurden die Fettgewebeklassen über alle Markenprogramme ausgewertet. Als fixe Effekte modelliert wurden Nettozunahme, Rasse, Geschlecht, Fleischigkeitsklasse, Markenprogramm, Markenprogramm*Alter und Markenprogramm*Alter2. Betrieb*Jahr wurde als zuf{\"{a}}lliger Effekt modelliert. In Modell B wurde jedes Markenprogramm separat ausgewertet. Modelliert wurden Nettozunahme, Rasse, Geschlecht, Fleischigkeitsklasse, Alter und Alter2 als fixe und Betrieb*Jahr als zuf{\"{a}}lliger Effekt. Dabei konnte gezeigt werden, dass sich der Effekt der Rasse auf die Fettgewebeklasse je nach Modell {\"{a}}ndert. Das heisst, es besteht eine Interaktion zwischen Markenprogramm und Rasse. W{\"{a}}hrend Angus in allen Markenprogrammen eine hohe Fettabdeckung erzielt, weisen Tiere der Rasse Grauvieh besonders im Natura-Veal eine gute Fettabdeckung auf. Als Natura-Beef weisen neben Hereford und Angus auch die Rassen Original Braunvieh, Limousin, Simmental und Aubrac gute Fettabdeckungen aus. Bei SwissPrimBeef sind es neben Hereford und Angus auch Tiere der Rasse Simmental und Salers, die eine gute Fettabdeckung aufweisen. In allen Modellen hatten weibliche Tiere eine h{\"{o}}here Fettabdeckung als m{\"{a}}nnliche kastrierte Tiere und diese hatten wiederum eine h{\"{o}}here Fettabdeckung als m{\"{a}}nnliche Tiere. Auch das Alter, das Alter2, die Nettozunahme und die Fleischigkeit haben einen signifikanten Effekt auf die Fettgewebeklasse. Die Auswertungen haben gezeigt, dass sowohl Modell A als auch Modell B akzeptable Resultate liefern. In Modell A sollte jedoch die Interaktion zwischen Markenprogramm und Rasse berücksichtigt werden. In einem n{\"{a}}chsten Schritt müssten die Modelle mit dem Tiereffekt erg{\"{a}}nzt werden, um die Verwandtschaft der Tiere zu berücksichtigen. Zus{\"{a}}tzlich sollte man genetische Gruppen für Rassen sch{\"{a}}tzen und nicht mit der Rasse mit dem h{\"{o}}chsten Blutanteil arbeiten. Eine Zuchtwertsch{\"{a}}tzung für die Fettgewebeklasse ist wichtig, um die Fleischqualit{\"{a}}t in Zukunft zu verbessern. Dabei sollte die Fettgewebeklasse und die Fleischigkeitsklasse in einem für den Landwirt anwendbarem Index vereint werden.},
author = {Hospenthal, Andrea},
file = {:Users/peter/Library/Application Support/Mendeley Desktop/Downloaded/Hospenthal - 2016 - Pilot-study to evaluate optimal ages at slaughter in beef cattle.pdf:pdf},
pages = {1--89},
school = {ETH Zurich},
title = {{Pilot-study to evaluate optimal ages at slaughter in beef cattle.}},
year = {2016}
}
