Automatically generated by Mendeley Desktop 1.19.1
Any changes to this file will be lost if it is regenerated by Mendeley.

BibTeX export options can be customized via Preferences -> BibTeX in Mendeley Desktop

@article{Wang2018,
author = {Wang, Qiuyu and Bovenhuis, Henk},
doi = {10.3168/jds.2017-13457},
file = {::},
issn = {00220302},
journal = {Journal of Dairy Science},
keywords = {2017,accepted november 20,bovine milk,genome-wide association study,infrared wavenumbers,received july 7},
number = {2013},
pages = {1--13},
publisher = {American Dairy Science Association},
title = {{Genome-wide association study for milk infrared wavenumbers}},
url = {http://linkinghub.elsevier.com/retrieve/pii/S0022030218300122},
volume = {1},
year = {2018}
}
