@PhdThesis{Wyss2019,
  author = {Silvan Wyss},
  file = {:Users/pvr/Library/Application Support/Mendeley Desktop/Downloaded/Thesis, Zurich - 2019 - Early Maturity in Swiss Beef Cattle.pdf:pdf},
  keywords = {Swiss beef cattle,early maturity},
  mendeley-tags = {Swiss beef cattle,early maturity},
  pages = {40},
  school = {ETH Zurich},
  title = {{Early Maturity in Swiss Beef Cattle}},
  type = {MSc},
  year = {2019},
}

@PhdThesis{Miesenberger1997,
  author = {Josef Miesenberger},
  keywords = {aggregate genotype,selection index},
  mendeley-tags = {selection index,aggregate genotype},
  pages = {185},
  school = {Universit{\"{a}}t f{\"{u}}r Bodenkultur Wien},
  title = {{Zuchtzieldefinition und Indexselektion f{\"{u}}r die {\"{o}}sterreichische Rinderzucht}},
  type = {PhD},
  year = {1997},
}
