@book{ABZ2017,
address = {Spiez},
author = {ABZ},
edition = {4},
editor = {{ABZ / WDH}},
title = {{Lebensmitteltechnologie ETH - Frischfleisch}},
year = {2017}
}
