@techreport{FLHB2017,
abstract = {Brosch{\"{u}}re {\"{u}}ber das Fleischrinderherdebuch f{\"{u}}r Betriebe.},
address = {Brugg},
author = {FLHB},
institution = {Mutterkuh Schweiz},
title = {{Das Fleischrinderherdebuch f{\"{u}}r eine erfolgreiche Zucht}},
year = {2017}
}
