@techreport{Gresset2017,
address = {Lausanne},
author = {Gresset, Fabienne and Python, Pascal and R{\'{e}}viron, Sophie},
institution = {AGRIDEA},
title = {{Wertsch{\"{o}}pfungskette Rindfleisch}},
year = {2017}
}
