@misc{ICAR,
author = {ICAR},
title = {{Glossary for animal production sector}},
urldate = {9.8.18}
}
