@article{Kalisch2011,
author = {Kalisch, Markus},
file = {:Users/silvan/Documents/polybox/Bachelor/2. Jahr/Nur 4.Semester/Statistik/Skript/skript-neu.pdf:pdf},
number = {September},
title = {{Statistik}},
year = {2011}
}
