@techreport{Kunz2018,
address = {Zug},
author = {Kunz, Sophie},
file = {:Users/silvan/Library/Application Support/Mendeley Desktop/Downloaded/Kunz Sophie - 2018 - 20180529{\_}bericht{\_}neueschlachtmerkmalezws.pdf:pdf},
institution = {Qualitas AG},
pages = {1--7},
title = {{Zuchtwertsch{\"{a}}tzung: Neue Schlachtmerkmale}},
year = {2018}
}
