@techreport{KunzS.2018,
address = {Zug},
author = {{Kunz S.} and {Strasser S.}},
institution = {Qualitas AG},
title = {{Merkbl{\"{a}}tter}},
year = {2018}
}
