@inproceedings{Burgisser2018,
author = {B{\"{u}}rgisser, Monica},
booktitle = {134. FLHB-Kommissionssitzung},
publisher = {Mutterkuh Schweiz},
title = {{Protokoll FLHB-Kommission}},
year = {2018}
}
