@techreport{Vit,
abstract = {In order of the german breeding association.},
author = {Vit},
institution = {vit},
title = {{ZWS Produktionsmerkmale - Relativzuchtwert Fleisch}}
}
