@techreport{VonRohr2017,
abstract = {Skript Vorlesung Z{\"{u}}chtungslehre ETH},
address = {Zug},
author = {von Rohr, Peter},
institution = {Qualitas AG},
title = {{Z{\"{u}}chtungslehre}},
year = {2017}
}
